@Booklet{Gil:02,
  author       = {Joseph (Yossi) Gil},
  TITLE        = {{\LaTeXe} for Graduate Students},
  year         = {2002},
  howpublished = {manuscript},
  address      = {Haifa, Israel},
}

@inproceedings{snow2008cheap,
  title={Cheap and fast---but is it good?: evaluating non-expert annotations for natural language tasks},
  author={Snow, R. and O'Connor, B. and Jurafsky, D. and Ng, A.Y.},
  booktitle={Proceedings of the Conference on Empirical Methods in Natural Language Processing},
  pages={254--263},
  year={2008},
  organization={Association for Computational Linguistics}
}

